@misc{dissguide
	title = {4th Year Dissertation 2017/2018: Calendar, guidelines, and
	other snippets.},
	author = {A. J. G. Gray and Peter King.} 
}

@inbook{fairouz
  title={A $\lambda$-calculus {\`a} la de Bruijn with explicit substitutions},
  author={Kamareddine, Fairouz and R{\'\i}os, Alejandro},
  booktitle={International Symposium on Programming Language Implementation and Logic Programming},
  pages={45--62},
  year={1995},
  organization={Springer}
}

@book{pm,
  author = {Whitehead, Alfred North and Russell, Bertrand},
  biburl = {https://www.bibsonomy.org/bibtex/28bc03526df383296e020ad564895db6d/vittorio.loreto},
  interhash = {0ba50f74a0c4508ff0c3560bee35307e},
  intrahash = {8bc03526df383296e020ad564895db6d},
  keywords = {1925 1927 empirism logic mathematica principia russell whitehead},
  publisher = {Cambridge University Press},
  timestamp = {2008-05-19T00:56:17.000+0200},
  title = {Principia Mathematica},
  year = {1925--1927}
}

 @article {wiener, 
   author = {Wiener, Norbert}, 
   title = {A Simplification of the Logic of Relations}, 
   journal = {Proceedings of Cambridge Philosophical Society}, 
   volume = {17}, 
   pages = {387--390}, 
   year = {1914}, 
   url = {http://books.google.com/books?id=v4tBTBlU05sC&pg=PA224&hl=en&source=gbs_toc_r&cad=2#v=onepage&q&f=false}, 
   quality = {5}, 
   note = {reprinted in GlossaryWiki: Heijenoort: 2002}
 }

@book{kuratowski,
  title={Selected papers},
  author={Kuratowski, K. and Borsuk, K. and Engelking, R.},
  isbn={9788301071691},
  url={https://books.google.co.uk/books?id=lenuAAAAMAAJ},
  year={1988},
  publisher={PWN-Polish Scientific Publishers}
}

@article{von1961,
  title={Collected works},
  author={Von Neumann, John},
  year={1961},
  publisher={Pergamon}
}

@book{godel1992,
  title={On formally undecidable propositions of Principia Mathematica and related systems},
  author={G{\"o}del, Kurt},
  year={1992},
  publisher={Courier Corporation}
}

@article{bernays1937,
  title={A system of axiomatic set theory—Part I},
  author={Bernays, Paul},
  journal={The Journal of symbolic logic},
  volume={2},
  number={1},
  pages={65--77},
  year={1937},
  publisher={Cambridge University Press}
}

@article{tarski1931
  title={Sur les ensembles d{\'e}finissables de nombres r{\'e}els},
  author={Tarski, Alfred},
  journal={Fundamenta mathematicae},
  volume={17},
  number={1},
  pages={210--239},
  year={1931}
}

@book{quine1934,
  title={A System of Logistic},
  author={van Orman Quine, W.},
  isbn={9780674431652},
  url={https://books.google.co.uk/books?id=O0i4nQEACAAJ},
  year={1934},
  publisher={Harvard University Press}
}

@book{quineword,
  title={Word and object},
  author={Quine, Willard Van Orman},
  year={2013},
  publisher={MIT press}
}

@misc{beckert}
 title = {Propositional and Predicate Logic Lecture Slides},
 author = {Beckert, Bernhard},
 howpublished = {\url{https://formal.iti.kit.edu/~beckert/teaching/Verification-SS05/02logic.pdf}},
 organization = {University of Koblenz}
}

@misc{selinger}
 title = {Lecture Notes 3: The Language of First-Order Logic},
 author = {Selinger, Peter},
 howpublished = {\url{https://www.mathstat.dal.ca/~selinger/courses/2012W-4680/}}
}

@InCollection{stanmodel,
	author       =	{Hodges, Wilfrid and Scanlon, Thomas},
	title        =	{First-order Model Theory},
	booktitle    =	{The Stanford Encyclopedia of Philosophy},
	editor       =	{Edward N. Zalta},
	howpublished =	{\url{https://plato.stanford.edu/archives/win2018/entries/modeltheory-fo/}},
	year         =	{2018},
	edition      =	{Winter 2018},
	publisher    =	{Metaphysics Research Lab, Stanford University}
}

@InCollection{tarski,
	author       =	{Hodges, Wilfrid},
	title        =	{Tarski's Truth Definitions},
	booktitle    =	{The Stanford Encyclopedia of Philosophy},
	editor       =	{Edward N. Zalta},
	howpublished =	{\url{https://plato.stanford.edu/archives/fall2018/entries/tarski-truth/}},
	year         =	{2018},
	edition      =	{Fall 2018},
	publisher    =	{Metaphysics Research Lab, Stanford University}
}

@misc{aczelsite,
author = {Aczel, Peter},
howpublished = {\url{http://www.cs.man.ac.uk/~petera/LogicWeb/settheory.html}}
}

@misc{worrell
 author = {Worrell, James},
 title = {Lecture Notes: First-Order Logic},
 year = {2016}
}

@misc{mizar,
  author = {{nLab authors}},
  title = {{{M}}izar},
  howpublished = {\url{http://ncatlab.org/nlab/show/Mizar}},
  note = {\href{http://ncatlab.org/nlab/revision/Mizar/6}{Revision 6}},
  month = apr,
  year = 2019
}

@misc{wolfaxiom,
	author = {Weisstein, Eric W.}, 
	title = {Axiom. {From MathWorld--A Wolfram Web Resource}},
	url = {\url{http://mathworld.wolfram.com/Axiom.html}},
}

@InCollection{stancomput,
	author       =	{Immerman, Neil},
	title        =	{Computability and Complexity},
	booktitle    =	{The Stanford Encyclopedia of Philosophy},
	editor       =	{Edward N. Zalta},
	howpublished =	{\url{https://plato.stanford.edu/archives/win2018/entries/computability/}},
	year         =	{2018},
	edition      =	{Winter 2018},
	publisher    =	{Metaphysics Research Lab, Stanford University}
}

@misc{zspec,
	title = {Z Formal Specification Notation - Syntax, Type System and Semantics },
	howpublished = {\url{www.open-std.org/jtc1/sc22/open/n3187.pdf}},
}


@misc{frege,
  title={Begriffsschrift. Louis Nebert, Halle, 1879. Enlish Translation in: J. van Heijenoort (ed.), From Frege to G{\"o}del},
  author={Frege, G},
  year={1977},
  publisher={Harvard University Press}
}

@book{shortermodel,
  title={A shorter model theory},
  author={Hodges, Wilfrid and others},
  year={1997},
  publisher={Cambridge university press}
}

@article{zermelo,
  title={Zermelo and set theory},
  author={Kanamori, Akihiro},
  journal={Bulletin of Symbolic Logic},
  volume={10},
  number={4},
  pages={487--553},
  year={2004},
  publisher={Cambridge University Press}
}

@book{foundations,
  title={Foundations of set theory},
  author={Fraenkel, Abraham Adolf and Bar-Hillel, Yehoshua and Levy, Azriel},
  volume={67},
  year={1973},
  publisher={Elsevier}
}

@book{cantor,
  title={Contributions to the Founding of the Theory of Transfinite Numbers},
  author={Cantor, Georg},
  number={1},
  year={1915},
  publisher={Open Court Publishing Company}
}

@article{dscott,
  title={Reconsidering ordered pairs},
  author={Scott, Dana and McCarty, Dominic},
  journal={Bulletin of Symbolic Logic},
  volume={14},
  number={3},
  pages={379--397},
  year={2008},
  publisher={Cambridge University Press}
}

@article{kanamori,
  title={The empty set, the singleton, and the ordered pair},
  author={Kanamori, Akihiro},
  journal={Bulletin of symbolic logic},
  volume={9},
  number={3},
  pages={273--298},
  year={2003},
  publisher={Cambridge University Press}
}

@article{hamilton,
  title={Theory of conjugate functions, or algebraic couples; with a preliminary and elementary essay on algebra as the science of pure time},
  author={Hamilton, William Rowan},
  journal={Transactions of the Royal Irish Academy},
  volume={17},
  number={part 1},
  pages={293--422},
  year={1837}
}

@article{peano,
  title={Selected Works of Giuseppe Peano},
  author={Kennedy, Hubert C and Peano, Giuseppe},
  year={1980}
}

@book{hausdorff,
  title={Mengenlehre},
  author={Hausdorff, Felix},
  year={1927},
  publisher={Walter de Gruyter Berlin}
}

@article{chow,
  title={A beginner’s guide to forcing},
  author={Chow, Timothy Y},
  journal={Communicating mathematics},
  volume={479},
  pages={25--40},
  year={2009},
  publisher={American Mathematical Soc.}
}

@article{holmes,
  title={Alternative axiomatic set theories},
  author={Holmes, M Randall},
  year={2006}
}

@book{barwise,
  title={Admissible sets and structures},
  author={Barwise, Jon},
  volume={7},
  year={2017},
  publisher={Cambridge University Press}
}

@article{dubois,
  title={Lambda theory: Introduction of a constant for" nothing" into set theory, a model of consistency and most noticeable conclusions.},
  author={Dubois, Laurent},
  journal={Logique et Analyse},
  pages={165--181},
  year={2013},
  publisher={JSTOR}
}

@article{lowe,
  title={Set theory with and without urelements and categories of interpretations},
  author={L{\"o}we, Benedikt and others},
  journal={Notre Dame Journal of Formal Logic},
  volume={47},
  number={1},
  pages={83--91},
  year={2006}
}

@article{chiron,
  title={Chiron: A set theory with types, undefinedness, quotation, and evaluation},
  author={Farmer, William M},
  journal={arXiv preprint arXiv:1305.6206},
  year={2013}
}

@article{pocket,
  title={Pocket Set Theory},
  author={Holmes, M Randall},
  journal={Boise, Idaho, USA: Boise State University},
  year={2007}
}

@article{gst,
  title={Generalised set theory},
  author={Aczel, Peter},
  journal={CSLI lecture notes},
  volume={1},
  number={58},
  pages={1--17},
  year={1996}
}

@book{enderton,
	title = {A Mathematical Introduction to Logic},
	publisher = {New York: Academic Press},
	author = {Herbert B. Enderton},
	year = {1972}
}
